<?xml version="1.0" encoding="UTF-8"?><collection xmlns="http://www.loc.gov/MARC21/slim"><record><leader>00571nam--2200133-i-4500</leader><controlfield tag="001">000013434</controlfield><controlfield tag="002">20161230</controlfield><controlfield tag="005">20161230201030</controlfield><controlfield tag="008">060222s1000------------r-----000-0-eng-d</controlfield><datafield ind1=" " ind2=" " tag="245"><subfield code="a">Unification of elementary forces and gauge the ories. papers presented at the ben lee memoria l international conference on parity nonconser vation, weak neutral currents and gauge theori es, fermi national accelerator laboratory, oct 20-22, 1977</subfield></datafield><datafield ind1=" " ind2=" " tag="260"><subfield code="a">London, Harwood Academic Publishers, 1977</subfield></datafield><datafield ind1=" " ind2=" " tag="490"><subfield code="a">Xx + 770 P</subfield></datafield><datafield ind1=" " ind2=" " tag="700"><subfield code="a">Cline, David B./S.A.</subfield></datafield><datafield ind1=" " ind2=" " tag="852"><subfield code="a">530.1:530.145(061.3)</subfield></datafield></record></collection>